% Bibliografia
% https://martinfowler.com/articles/serverless.html
% https://www.redhat.com/en/topics/cloud-computing/what-is-cloud-infrastructure

%AWS
@misc{aws, 
    title={Cloud computing services - Amazon Web Services (AWS)}, 
    url={https://aws.amazon.com/}, 
    journal={AWS}
} 

@misc{apigw, 
    title={Amazon API Gateway}, 
    url={https://aws.amazon.com/api-gateway/}, 
    journal={AWS}
} 

@misc{aurora, 
    title={Amazon Aurora}, 
    url={https://aws.amazon.com/rds/aurora/}, 
    journal={AWS}
} 

@misc{lambda, 
    title={Amazon Lambda}, 
    url={https://aws.amazon.com/lambda}, 
    journal={AWS}
} 
@misc{sqs, 
    title={Amazon Simple Queue Service}, 
    url={https://aws.amazon.com/sqs}, 
    journal={AWS}
} 
@misc{auroraSchema, 
    title={Aurora replication schema}, 
    url={https://docs.aws.amazon.com/AmazonRDS/latest/AuroraUserGuide/Aurora.Overview.html}, 
    journal={AWS}
} 

@misc{ecr, 
    title={Amazon Elastic Container Registry}, 
    url={https://aws.amazon.com/ecr}, 
    journal={AWS}
} 

@misc{cloudFormation, 
    title={Aurora replication schema}, 
    url={https://aws.amazon.com/cloudformation}, 
    journal={AWS}
} 

%cloud
@misc{cloud, 
    title={Cloud Computing}, 
    url={https://cloudacademy.com/course/cloud-fundamentals-1845/cloud-computing/}, 
    journal={Cloud}
}

@misc{model, 
    title={Main cloud service models}, 
    url={https://www.cloudflare.com/learning/cloud/what-is-the-cloud/}, 
    journal={CloudFlare}
} 

@misc{iaas, 
    title={Infrastructure as a Service}, 
    url={https://www.cloudflare.com/learning/cloud/what-is-iaas/}, 
    journal={CloudFlare}
}
@misc{paas, 
    title={Platform as a Service}, 
    url={https://www.cloudflare.com/learning/cloud/what-is-paas/}, 
    journal={CloudFlare}
}
@misc{saas, 
    title={Software as a Service}, 
    url={https://www.cloudflare.com/learning/cloud/what-is-saas/}, 
    journal={CloudFlare}
}
@misc{faas, 
    title={Function as a Service}, 
    url={https://www.cloudflare.com/learning/serverless/glossary/function-as-a-service-faas/}, 
    journal={CloudFlare}
}
@misc{public, 
    title={Public Cloud}, 
    url={https://www.cloudflare.com/learning/cloud/what-is-a-public-cloud/}, 
    journal={CloudFlare}
}
@misc{private, 
    title={Private Cloud}, 
    url={https://www.cloudflare.com/learning/cloud/what-is-private-cloud/}, 
    journal={CloudFlare}
}
@misc{hybrid, 
    title={Hybrid Cloud}, 
    url={https://www.cloudflare.com/learning/cloud/what-is-hybrid-cloud/}, 
    journal={CloudFlare}
}
@misc{sls, 
    title={Benefits of Serverless}, 
    url={https://www.cloudflare.com/learning/serverless/what-is-serverless/}, 
    journal={CloudFlare}
}
@misc{micro, 
    title={Monolithic vs. Microservices}, 
    url={https://www.cloudflare.com/learning/serverless/glossary/serverless-microservice/}, 
    journal={CloudFlare}
}

%TOOLS

@inbook{stein_2016, 
    title={Chapter 8: Creating an API with Node.Js using MongoDB and MySQL}, 
    booktitle={Reactjs cookbook}, 
    publisher={Packt Publishing Limited}, 
    author={Stein, Johannes}, 
    year={2016}, 
    pages={265}
} 

@misc{node, 
    title={NodeJs}, 
    url={https://nodejs.org/}, 
    journal={Tools}
}

@misc{loop, 
    title={NodeJs event loop}, 
    url={https://www.tutorialandexample.com/node-js-event-loop}, 
    journal={Tools}
}

@misc{openApi, 
    title={OpenAPI Specification}, 
    url={https://swagger.io/specification/}, 
    journal={Tools}
}

@misc{ts, 
    title={TypeScript Language}, 
    url={https://www.typescriptlang.org/}, 
    journal={Tools}
}

@misc{slsf, 
    title={TypeScript Language}, 
    url={https://www.serverless.com/}, 
    journal={Tools}
}

@misc{flyway, 
    title={Flyway - Database version control system}, 
    url={https://flywaydb.org/}, 
    journal={Tools}
}

@misc{migrate, 
    title={Migration process}, 
    url={https://flywaydb.org/documentation/concepts/migrations#sql-based-migrations}, 
    journal={Tools}
}

@misc{react, 
    title={React}, 
    url={https://reactjs.org/}, 
    journal={Tools}
}

@misc{ant, 
    title={AntDesign Pro}, 
    url={https://pro.ant.design/}, 
    journal={Tools}
}
@misc{docker, 
    title={Docker}, 
    url={https://www.docker.com/}, 
    journal={Tools}
}

@misc{container, 
    title={Containerized applications}, 
    url={https://www.docker.com/resources/what-container}, 
    journal={Tools}
}

@misc{k8s, 
    title={Kubernetes}, 
    url={https://kubernetes.io/docs/concepts/overview/what-is-kubernetes/}, 
    journal={Tools}
}

@misc{rancher, 
    title={Rancher}, 
    url={https://rancher.com/}, 
    journal={Tools}
}

@misc{wRancher, 
    title={What is Rancher}, 
    url={https://www.openlogic.com/blog/what-is-rancher}, 
    journal={Tools}
}

@misc{nginx, 
    title={NGINX}, 
    url={https://www.nginx.com/}, 
    journal={Tools}
}

% implementation

@misc{knex, 
    title={Knex}, 
    url={http://knexjs.org/}, 
    journal={Tools}
}
